<?xml version="1.0" encoding="UTF-8"?><collection xmlns="http://www.loc.gov/MARC21/slim"><record><leader>00539nam--2200181-i-4500</leader><controlfield tag="001">000014768</controlfield><controlfield tag="002">20161230</controlfield><controlfield tag="005">20161230201031</controlfield><controlfield tag="008">060222s1000------------r-----000-0-eng-d</controlfield><datafield ind1=" " ind2=" " tag="040"><subfield code="a">IFIN-HH</subfield></datafield><datafield ind1=" " ind2=" " tag="080"><subfield code="a">533.7:536.755</subfield></datafield><datafield ind1="1" ind2=" " tag="100"><subfield code="a">Brush, S.G</subfield></datafield><datafield ind1="1" ind2="0" tag="245"><subfield code="a">Kinetic theory</subfield><subfield code="b">Vol. 2: irreversible processes</subfield><subfield code="c">S.g. brush</subfield></datafield><datafield ind1=" " ind2=" " tag="260"><subfield code="a">Oxford, Pergamon Press, 1965-1966</subfield></datafield><datafield ind1=" " ind2=" " tag="300"><subfield code="a">XII + 249 P</subfield></datafield><datafield ind1=" " ind2=" " tag="490"><subfield code="a">The Commonwealth And International Library, Selected Readings In Physics</subfield></datafield><datafield ind1=" " ind2=" " tag="852"><subfield code="a">22029</subfield><subfield code="c">533.7</subfield></datafield><datafield ind1=" " ind2=" " tag="CAT"><subfield code="a">Sys</subfield><subfield code="c">20100915</subfield><subfield code="h">114354</subfield></datafield></record></collection>